@book{Illich,
	author = "Ivan Illich",
	title = "Deschooling Society",
	publisher = "Hasbro",
	year = 1970
}

@book{Davis,
	author = "Michael Davis",
	title = "Street Gang",
	subtitle = "The Complete History of Sesame Street",
	address = "New York",
	publisher = "Viking",
	year = 2008
	}

@book{Odell,
	author = "Jenny Odell",
	title = "How to Do Nothing",
	subtitle = "Resisting the Attention Economy",
	address = "Brooklyn and London",
	publisher = "Melville House",
	year = 2019
	}

@book{Yang,
	author = "Mina Yang",
	title = "Planet Beethoven: Classical Music at the Turn of the Millennium",
	address = "Middletown, CT",
	publisher = "Wesleyan University Press",
	year =  2014
	}

@article{Kraidy,
	author = "Ute Sartorius Kraidy",
	title = "Sunny Days on \textit{Sesame Street}? Multiculturalism and Resistance Postmodernism", 
	journal = "Journal of Communication Inquiry",
	volume = "26",
	number = "1",
	pages = "9--25",
	year = 2005
	}

@article{Meany,
	author = "John Meany",
	title = "The Insitution of Public Television",
	journal = "The Review of Politics",
	volume = "30",
	number = "4",
	pages = "403--414",
	year = 1968
	}

@article{Cooney,
	author = "Jans Cooney",
	title = "The Potential Uses of Television in Childrens Education",
	year = 1966
	}


@online{Strangers,
	title = "The Music of Strangers Official Trailer | SILKROAD",
	url = "https://www.youtube.com/watch?v=Pim7mvgXerg", 
	urldate = {2021-05-11}
	}

@online{Ety,
	title = "understand (v.)",
	url = "https://www.etymonline.com/word/understand",
	urldate = {2021-10-31}
	}

@online{BachProject,
	title = "About [the Bach Project]",
	url = "https://bach.yo-yoma.com/about/",
	urldate = {2021-05-11}
	}


@online{MaSite,
	title = "Listen \& Discover",
	url = "https://www.yo-yoma.com/listen-discover/",
	urldate = {2021-05-11}
	}

@online{2210,
	title = "Episode 2210",
	url = "https://muppet.fandom.com/wiki/Episode_2210",
	urldate = {2021-05-11}
	}


@online{MaFan,
	title = "Yo-Yo Ma",
	url = "https://muppet.fandom.com/wiki/Yo-Yo_Ma",
	urldate = {2021-05-10}
	}

@online{NorahJonesFan,
	title = "Norah Jones",
	url = "https://muppet.fandom.com/wiki/Norah_Jones",
	urldate = {2021-05-10}
	}
 
@online{Maria,
	title = "Maria", 
	url = "https://muppet.fandom.com/wiki/Maria",
	urldate = {2021-05-10}
	}


@online{MaHonkers,
	title = "Classic Sesame Street - Yo Yo Ma and the Honkers",
	url  = "https://www.youtube.com/watch?v=89sFEuEuTYM",
	urldate = {2021-05-10}
	}

@online{MaJam,
	title = "Sesame Street: Yo Yo Ma: The Jam Session",
	url  = "https://www.youtube.com/watch?v=IRixaQ4hpEI\&t=1s",
	urldate = {2021-05-10}
	}

@online{NorahJones,
	title = "Sesame Street: Norah Jones Sings Don't Know Y",
	url  = "https://www.youtube.com/watch?v=FEzxchU4RUY",
	urldate = {2021-05-10}
	}


@online{Galway2,
	title = "Sesame Street: ``Pretty Great Performances'' - James Galway \#2",
	url = "https://www.youtube.com/watch?v=kx3WmDzM-uc",
	urldate = {2021-05-10}
	}


@online{Galway1,
	title = "Sesame Street: ``Pretty Great Performances'' - James Galway \#1",
	url = "https://www.youtube.com/watch?v=aAw-0HXrTno",
	urldate = {2021-05-10}
	}

@book{Porter,
	author = "Jeff Porter",
	title = "Lost Sound",
	subtitle = "The Forgotten Art of Radio Storytelling",
	address = "Chapel Hill",
	publisher = "The University of North Carolina Press",
	year = 2016
	}

@book{Clash,
	author = "Kevin Clash",
	title = "My Life as a Furry Red Monster",
	subtitle = "What Being Elmo has Taught me About Life, Love, and Laughing out Loud",
	address =  "New York",
	publisher = "Broadway Books",
	year =  2006
	}

@article{Ostrofsky2012,
      author   = "Kathryn A. Ostrofsky",
      title    = "Talking Sesame to the Streets: Young Children's Interactions with Pop Music's Aesthetics in the 1970s",
      journal  = "Jounral of Popular Music Studies",
      year     = 2012,
      volume   = "24",
      number   = "3",
      pages    = "287--304"
    }

@article{Brit,
	title = "Sesame Street",
	journal = "Britannica Academic",
	}

@article{Goddard,
	title = "Miss Arrabella Goddard",
	journal = "The Musical World",
	date = {1853-04-23}
	}

@article{Jones2013,
	author = "Karen Leistra-Jones",
	title = "Staging Authenticity: Joachim, Brams and the Politics of \textit{Werktreue} Performance",
	journal = "Journal of the American Musicological Society",
	volume = "66",
	number = "2",
	year = 2013,
	pages = "397--436"

	}

    @book{CitekeyBook,
      author    = "Leonard Susskind and George Hrabovsky",
      title     = "Classical mechanics: the theoretical minimum",
      publisher = "Penguin Random House",
      address   = "New York, NY",
      year      = 2014
    }

@inbook{Ostrofsky2017,
      author    = "Kathryn A. Ostrofsky",
      title     = "\textit{Sesame Street} as a Musical Comedy-Variety Show",
      booktitle = "Music in Comedy Television: Notes on Laughs",
      year      = "2017",
      publisher = "Routeledge",
      address   = "Milton Park, UK",
      pages     = "15--30",
      editor    = "Liz Giuffre and Philip Hayward"
    }

@misc{WinNT,
  title = {{MS Windows NT} Kernel Description},
  howpublished = {\url{http://web.archive.org/web/20080207010024/http://www.808multimedia.com/winnt/kernel.htm}},
  note = {Accessed: 2010-09-30}
}


@book{Gooley,
	author = "Dana Gooley",
	title = "The Virtuoso Liszt",
	address = "Cambridge", 
	publisher = "Cambridge University Press", 
	year = 2004  
	}
